@book{ordered_stat,
	author	=	"H.A. David and H. M. Nagaraja",
	title	=	"Ordered Statistics",
	publisher	=	"John Wiley \& Sons, Inc.",
	year	=	2003,
	edition	=	"Third Edition"
}
